% Encoding: windows-1252

@Misc{cubesatDesignSpecification,
  Title                    = {Cubesat Design Specification},

  Author                   = {Simon Lee and Amy Hutputanasin and Armen Toorian and Wenschel Lan and Riki Munakata and Justin Carnahan and David Pignatelli and Arash Mehrparvar},
  Note                     = {Acessado em: 08/09/2017},
  Year                     = {2014},

  Url                      = {http://www.cubesat.org/}
}